
@Article{         almeter.demircan.ea:graph,
  author        = {Jordan Almeter and Samet Demircan and Andrew Kallmeyer and
                  Kevin G. Milans and Robert Winslow},
  title         = {Graph 2-rankings},
  journal       = {Graphs and Combinatorics},
  volume        = {35},
  number        = {1},
  pages         = {91--102},
  year          = {2019},
  url           = {https://doi.org/10.1007/s00373-018-1979-4},
  doi           = {10.1007/s00373-018-1979-4},
  timestamp     = {Fri, 18 Jan 2019 23:22:46 +0100},
  biburl        = {https://dblp.org/rec/journals/gc/AlmeterDKMW19.bib},
  bibsource     = {dblp computer science bibliography, https://dblp.org}
}

@Book{            diestel:graph,
  author        = {Reinhard Diestel},
  title         = {Graph Theory, 4th Edition},
  series        = {Graduate texts in mathematics},
  volume        = {173},
  publisher     = {Springer},
  year          = {2012},
  isbn          = {978-3-642-14278-9},
  timestamp     = {Mon, 04 Mar 2013 20:55:42 +0100},
  biburl        = {https://dblp.org/rec/books/daglib/0030488.bib},
  bibsource     = {dblp computer science bibliography, https://dblp.org}
}

@InProceedings{   dujmovic.joret.ea:planar,
  author        = {Vida Dujmovi\'{c} and Gwena{\"{e}}l Joret and Piotr Micek
                  and Pat Morin and Torsten Ueckerdt and David R. Wood},
  editor        = {David Zuckerman},
  title         = {Planar Graphs have Bounded Queue-Number},
  booktitle     = {60th {IEEE} Annual Symposium on Foundations of Computer
                  Science, {FOCS} 2019, Baltimore, Maryland, USA, November
                  9-12, 2019},
  pages         = {862--875},
  publisher     = {{IEEE} Computer Society},
  year          = {2019},
  url           = {https://doi.org/10.1109/FOCS.2019.00056},
  doi           = {10.1109/FOCS.2019.00056},
  timestamp     = {Tue, 07 Jan 2020 13:31:39 +0100},
  biburl        = {https://dblp.org/rec/conf/focs/DujmovicJMMUW19.bib},
  bibsource     = {dblp computer science bibliography, https://dblp.org}
}

@Article{         karpas.neiman.ea:on,
  author        = {Ilan Karpas and Ofer Neiman and Shakhar Smorodinsky},
  title         = {On Vertex Rankings of Graphs and its Relatives},
  journal       = {CoRR},
  volume        = {abs/1609.06111},
  year          = {2016},
  url           = {http://arxiv.org/abs/1609.06111},
  archiveprefix = {arXiv},
  eprint        = {1609.06111},
  timestamp     = {Mon, 13 Aug 2018 16:48:34 +0200},
  biburl        = {https://dblp.org/rec/journals/corr/KarpasNS16.bib},
  bibsource     = {dblp computer science bibliography, https://dblp.org}
}

@InProceedings{   pilipczuk.siebertz:polynomial,
  author        = {Michal Pilipczuk and Sebastian Siebertz},
  editor        = {Timothy M. Chan},
  title         = {Polynomial bounds for centered colorings on proper
                  minor-closed graph classes},
  booktitle     = {Proceedings of the Thirtieth Annual {ACM-SIAM} Symposium
                  on Discrete Algorithms, {SODA} 2019, San Diego, California,
                  USA, January 6-9, 2019},
  pages         = {1501--1520},
  publisher     = {{SIAM}},
  year          = {2019},
  url           = {https://doi.org/10.1137/1.9781611975482.91},
  doi           = {10.1137/1.9781611975482.91},
  timestamp     = {Wed, 25 Sep 2019 18:02:13 +0200},
  biburl        = {https://dblp.org/rec/conf/soda/PilipczukS19.bib},
  bibsource     = {dblp computer science bibliography, https://dblp.org}
}

@Article{         pilipczuk.siebertz:polynomial-arxiv,
  author        = {Michal Pilipczuk and Sebastian Siebertz},
  title         = {Polynomial bounds for centered colorings on proper
                  minor-closed graph classes},
  journal       = {CoRR},
  volume        = {abs/1807.03683},
  year          = {2018},
  url           = {http://arxiv.org/abs/1807.03683},
  archiveprefix = {arXiv},
  eprint        = {1807.03683},
  timestamp     = {Mon, 13 Aug 2018 16:47:53 +0200},
  biburl        = {https://dblp.org/rec/journals/corr/abs-1807-03683.bib},
  bibsource     = {dblp computer science bibliography, https://dblp.org}
}
